%! Author = samrelins
%! Date = 20/06/2022

@misc{eyfsp_handbook,
    title={Early years foundation stage profile handbook},
    url={https://www.gov.uk/government/publications/early-years-foundation-stage-profile-handbook},
    howpublished={https://www.gov.uk/government/publications/early-years-foundation-stage-profile-handbook},
    journal={GOV.UK},
    publisher={Department for Education},
    author={Education, Department for},
    year={2021},
    month={Sep}
}

@book{statsmodels,
  title={statsmodels: Econometric and statistical modeling with python},
  author={Seabold, Skipper and Perktold, Josef},
  booktitle={9th Python in Science Conference},
  year={2010},
}